@article{newson2017non,
  title={Non-local patch-based image inpainting},
  author={Newson, Alasdair and Almansa, Andr{\'e}s and Gousseau, Yann and P{\'e}rez, Patrick},
  journal={Image Processing On Line},
  volume={7},
  pages={373--385},
  year={2017}
}

@article{barnes2009patchmatch,
  title={PatchMatch: A randomized correspondence algorithm for structural image editing},
  author={Barnes, Connelly and Shechtman, Eli and Finkelstein, Adam and Goldman, Dan B},
  journal={ACM Transactions on Graphics-TOG},
  volume={28},
  number={3},
  pages={24},
  year={2009}
}
